@inproceedings{wang2011review,
  title={Review on hybrid flow shop scheduling},
  author={Wang, Wenpeng},
  booktitle={2011 International Conference of Information Technology, Computer Engineering and Management Sciences},
  volume={4},
  pages={7--10},
  year={2011},
  organization={IEEE}
}

@inproceedings{crow1984summed,
  title={Summed-area tables for texture mapping},
  author={Crow, Franklin C},
  booktitle={ACM SIGGRAPH computer graphics},
  volume={18},
  number={3},
  pages={207--212},
  year={1984},
  organization={ACM}
}

@inproceedings{brisaboa2009k,
  title={k2-trees for compact web graph representation},
  author={Brisaboa, Nieves R and Ladra, Susana and Navarro, Gonzalo},
  booktitle={Proc. 16th International Symposium on String Processing and Information Retrieval (SPIRE)},
  pages={18--30},
  year={2009},
  organization={Springer}
}

@article{larsson2000off,
  title={Off-line dictionary-based compression},
  author={Larsson, N Jesper and Moffat, Alistair},
  journal={Proceedings of the IEEE},
  volume={88},
  number={11},
  pages={1722--1732},
  year={2000},
  publisher={IEEE}
}

@article{brisaboa2019gract,
  title={GraCT: A Grammar-based Compressed Index for Trajectory Data},
  author={Brisaboa, Nieves R and G{\'o}mez-Brand{\'o}n, Adri{\'a}n and Navarro, Gonzalo and Param{\'a}, Jos{\'e} R},
  journal={Information Sciences},
  year={2019},
  publisher={Elsevier}
}

@inproceedings{brisaboa2018new,
  title={New Structures to Solve Aggregated Queries for Trips over Public Transportation Networks},
  author={Brisaboa, Nieves R and Fari{\~n}a, Antonio and Galaktionov, Daniil and Rodeiro, Tirso V and Rodr{\'\i}guez, M Andrea},
  booktitle={Proc. 25th International Symposium on String Processing and Information Retrieval (SPIRE)},
  pages={88--101},
  year={2018},
  organization={Springer}
}

@inproceedings{moffat2017ans,
  title={ANS-based index compression},
  author={Moffat, Alistair and Petri, Matthias},
  booktitle={Proceedings of the 2017 ACM on Conference on Information and Knowledge Management},
  pages={677--686},
  year={2017},
  organization={ACM}
}

@article{brisaboa2018compact,
  title={A compact representation for trips over networks built on self-indexes},
  author={Brisaboa, Nieves R and Fari{\~n}a, Antonio and Galaktionov, Daniil and Rodriguez, M Andrea},
  journal={Information Systems},
  volume={78},
  pages={1--22},
  year={2018},
  publisher={Elsevier}
}

@inproceedings{rivera2018faster,
  title={Faster and Smaller Two-Level Index for Network-Based Trajectories},
  author={Rivera, Rodrigo and Rodr{\'\i}guez, M Andrea and Seco, Diego},
  booktitle={Proc. 25th International Symposium on String Processing and Information Retrieval (SPIRE)},
  pages={348--362},
  year={2018},
  organization={Springer}
}

@article{weng2018mining,
  title={Mining urban passengers’ travel patterns from incomplete data with use cases},
  author={Weng, Xiaoxiong and Liu, Yongxin and Song, Houbing and Yao, Shushen and Zhang, Pengfei},
  journal={Computer Networks},
  volume={134},
  pages={116--126},
  year={2018},
  publisher={Elsevier}
}

@article{alsger2016validating,
  title={Validating and improving public transport origin--destination estimation algorithm using smart card fare data},
  author={Alsger, Azalden and Assemi, Behrang and Mesbah, Mahmoud and Ferreira, Luis},
  journal={Transportation Research Part C: Emerging Technologies},
  volume={68},
  pages={490--506},
  year={2016},
  publisher={Elsevier}
}

@article{wang2014aggregated,
  title={Aggregated metro trip patterns in urban areas of Hong Kong: Evidence from automatic fare collection records},
  author={Wang, WL and Lo, SM and Liu, SB},
  journal={Journal of Urban Planning and Development},
  volume={141},
  number={3},
  pages={05014018},
  year={2014},
  publisher={American Society of Civil Engineers}
}

@article{tao2014exploring,
  title={Exploring Bus Rapid Transit passenger travel behaviour using big data},
  author={Tao, Sui and Corcoran, Jonathan and Mateo-Babiano, Iderlina and Rohde, David},
  journal={Applied geography},
  volume={53},
  pages={90--104},
  year={2014},
  publisher={Elsevier}
}

@article{liu2017exploring,
  title={Exploring data validity in transportation systems for smart cities},
  author={Liu, Yongxin and Weng, Xiaoxiong and Wan, Jiafu and Yue, Xuejun and Song, Houbing and Vasilakos, Athanasios V},
  journal={IEEE Communications Magazine},
  volume={55},
  number={5},
  pages={26--33},
  year={2017},
  publisher={IEEE}
}

@article{ma2014development,
  title={Development of a data-driven platform for transit performance measures using smart card and GPS data},
  author={Ma, Xiaolei and Wang, Yinhai},
  journal={Journal of Transportation Engineering},
  volume={140},
  number={12},
  pages={04014063},
  year={2014},
  publisher={American Society of Civil Engineers}
}

@article{bhaskar2015passenger,
  title={Passenger segmentation using smart card data},
  author={Bhaskar, Ashish and Chung, Edward and others},
  journal={IEEE Transactions on Intelligent Transportation Systems},
  volume={16},
  number={3},
  pages={1537--1548},
  year={2015},
  publisher={IEEE}
}

@article{zhang2017targeted,
  title={Targeted advertising in public transportation systems with quantitative evaluation},
  author={Zhang, Dongxiang and Guo, Long and Nie, Liqiang and Shao, Jie and Wu, Sai and Shen, Heng Tao},
  journal={ACM Transactions on Information Systems (TOIS)},
  volume={35},
  number={3},
  pages={20},
  year={2017},
  publisher={ACM}
}

@inproceedings{john2017performance,
  title={Performance analysis of the past, present and future indexing methods for spatio-temporal data},
  author={John, A and Sugumaran, M and Rajesh, RS},
  booktitle={Communication and Electronics Systems (ICCES), 2017 2nd International Conference on},
  pages={645--649},
  year={2017},
  organization={IEEE}
}

@article{al2017semantictraj,
  title={SemanticTraj: A new approach to interacting with massive taxi trajectories},
  author={Al-Dohuki, Shamal and Wu, Yingyu and Kamw, Farah and Yang, Jing and Li, Xin and Zhao, Ye and Ye, Xinyue and Chen, Wei and Ma, Chao and Wang, Fei},
  journal={IEEE transactions on visualization and computer graphics},
  volume={23},
  number={1},
  pages={11--20},
  year={2017},
  publisher={IEEE}
}

@article{tu2018spatial,
  title={Spatial variations in urban public ridership derived from GPS trajectories and smart card data},
  author={Tu, Wei and Cao, Rui and Yue, Yang and Zhou, Baoding and Li, Qiuping and Li, Qingquan},
  journal={Journal of Transport Geography},
  volume={69},
  pages={45--57},
  year={2018},
  publisher={Elsevier}
}

@article{chapuis2018geodabs,
  title={Geodabs: Trajectory Indexing Meets Fingerprinting at Scale},
  author={Chapuis, Bertil and Garbinato, Benoit},
  journal={arXiv preprint arXiv:1803.04292},
  year={2018}
}

@article{lovell2018lossless,
  title={Lossless Compression of All Vehicle Trajectories in a Common Roadway Segment},
  author={Lovell, David J},
  journal={Computer-Aided Civil and Infrastructure Engineering},
  volume={33},
  number={6},
  pages={481--497},
  year={2018},
  publisher={Wiley Online Library}
}

@article{cai2018vector,
  title={Vector-Based Trajectory Storage and Query for Intelligent Transport System},
  author={Cai, Zhi and Ren, Fujie and Chen, Juncheng and Ding, Zhiming},
  journal={IEEE Transactions on Intelligent Transportation Systems},
  volume={19},
  number={5},
  pages={1508--1519},
  year={2018},
  publisher={IEEE}
}

@article{ding2018ultraman,
  title={UlTraMan: a unified platform for big trajectory data management and analytics},
  author={Ding, Xin and Chen, Lu and Gao, Yunjun and Jensen, Christian S and Bao, Hujun},
  journal={Proceedings of the VLDB Endowment},
  volume={11},
  number={7},
  pages={787--799},
  year={2018},
  publisher={VLDB Endowment}
}

@inproceedings{koide2018cinct,
  title={CiNCT: Compression and retrieval for massive vehicular trajectories via relative movement labeling},
  author={Koide, Satoshi and Tadokoro, Yukihiro and Xiao, Chuan and Ishikawa, Yoshiharu},
  booktitle={Proc. 34th International Conference on Data Engineering (ICDE)},
  pages={1097--1108},
  year={2018},
  organization={IEEE}
}

@article{Barbay:2013:CPA:2562345.2562626,
	author = {Barbay, J{\'e}r{\'e}my and Navarro, Gonzalo},
	title = {On Compressing Permutations and Adaptive Sorting},
	journal = {Theoretical Computer Science},
	xissue_date = {November, 2013},
	volume = {513},
	xmonth = nov,
	year = {2013},
	issn = {0304-3975},
	pages = {109--123},
	numpages = {15},
	xurl = {http://dx.doi.org/10.1016/j.tcs.2013.10.019},
	doi = {10.1016/j.tcs.2013.10.019},
	acmid = {2562626},
	publisher = {Elsevier Science Publishers Ltd.},
	xaddress = {Essex, UK},
	keywords = {Adaptive sorting, Compression, Permutations, Succinct data structures},
} 

@INPROCEEDINGS{bfgrspire16,
	AUTHOR = "Nieves R. Brisaboa and Antonio Fari{\~n}a
	and Galaktionov H., Daniil and Rodríguez, M. Andrea",
	TITLE = "Compact Trip Representation over Networks",
	BOOKTITLE = {Proc. 23th International Symposium on String Processing and Information Retrieval (SPIRE)},
	YEAR = "2016",
	SERIES = "LNCS 9954",
	PAGES = "240--253",
	xPUBLISHER = "Springer",
}

@article{cao2006spatio,
  title={Spatio-temporal data reduction with deterministic error bounds},
  author={Cao, Hu and Wolfson, Ouri and Trajcevski, Goce},
  journal = {The VLDB Journal},
  xjournal={The VLDB Journal—The International Journal on Very Large Data Bases},
  volume={15},
  number={3},
  pages={211--228},
  year={2006},
  publisher={Springer-Verlag New York, Inc.},
	xnumpages = {18},
	xurl = {http://dx.doi.org/10.1007/s00778-005-0163-7},
	doi = {10.1007/s00778-005-0163-7},
	acmid = {1147681},
	xpublisher = {Springer-Verlag New York, Inc.},
	xaddress = {Secaucus, NJ, USA},
	keywords = {Data reduction, Line simplification, Moving objects database, Uncertainty},
}



@inproceedings{chakka2003indexing,
  title={Indexing Large Trajectory Data Sets With {SETI}},
  author={V. Prasad Chakka and Adam Everspaugh and Jignesh M. Patel},
  booktitle={Proc. 1st Conference on Innovative Data Systems Research (CIDR)},
  pages={1--12},
  xnumpages={12},
  year={2003}
}



@inproceedings{chang2010tmn,
  title={{TMN-tree}: new trajectory index structure for moving objects in spatial networks},
  author={Chang, Jae-Woo and Song, Myoung-Seon and Um, Jung-Ho},
  xbooktitle={Proc. 2010 IEEE 10th International Conference on Computer and Information Technology (CIT)},
  booktitle={Proc. 10th International Conference on Computer and Information Technology (CIT)},
  pages={1633--1638},
  doi= {10.1109/CIT.2010.289},
  xurl = {https://doi.org/10.1109/CIT.2010.289},
  year={2010},
  xorganization={IEEE}
}

@INPROCEEDINGS{CNspire08.1,
	AUTHOR = "Francisco Claude and Gonzalo Navarro",
	TITLE = "Practical Rank/Select Queries over Arbitrary Sequences",
	BOOKTITLE = {Proc. 15th International Symposium on String Processing and Information Retrieval (SPIRE)},
	YEAR = "2008",
	SERIES = "LNCS 5280",
	PAGES = "176--187",
	xPUBLISHER = "Springer",
}

@ARTICLE{CNO15,
    TITLE = "The Wavelet Matrix: An Efficient Wavelet Tree for Large Alphabets",
    AUTHOR = "Francisco Claude and Gonzalo Navarro and Alberto {Ord{\'o\~n}ez }",
    JOURNAL = "Information Systems",
    VOLUME = 47,
    PAGES = "15--32",
    YEAR = 2015
}


@book{Cover:2006:EIT:1146355,
	author = {Cover, Thomas M. and Thomas, Joy A.},
	title = {Elements of Information Theory (Wiley Series in Telecommunications and Signal Processing)},
	year = {2006},
	edition = {2nd},
	isbn = {0471241954},
	publisher = {Wiley-Interscience},
	notas = {En pag 123 dice que los Fano codes son un tipo de slice codes que está acotado por L(C) \leq H(X) + 2 	En pag 121 dice que los slice-codes son alfabeticos}
} 

@inproceedings{DBLP:conf/icde/Cudre-MaurouxWM10,
  author    = {Philippe Cudr{\'e}-Mauroux and
               Eugene Wu and
               Samuel Madden},
  title     = {{TrajStore: An Adaptive Storage System for Very Large Trajectory
               Data Sets}},
  booktitle = {Proc. 26th International Conference on Data Engineering (ICDE)},
  year      = {2010},
  pages     = {109--120}
}

@article{DBLP:journals/sigspatial/DamianiIGV15,
  author    = {Maria Luisa Damiani and
               Hamza Issa and
               Ralf Hartmut G{\"{u}}ting and
               Fabio Vald{\'{e}}s},
  title     = {Symbolic trajectories and application challenges},
  journal   = {{SIGSPATIAL} Special},
  volume    = {7},
  number    = {1},
  pages     = {51--58},
  year      = {2015},
  xurl       = {http://doi.acm.org/10.1145/2782759.2782768},
  doi       = {10.1145/2782759.2782768},
  timestamp = {Tue, 23 Jun 2015 10:40:03 +0200},
  biburl    = {http://dblp.uni-trier.de/rec/bib/journals/sigspatial/DamianiIGV15},
  bibsource = {dblp computer science bibliography, http://dblp.org}
}

@article{DBLP:journals/geoinformatica/AlmeidaG05,
  author    = "Victor Teixeira de Almeida and
               Ralf Hartmut G{\"u}ting",
  title     = {{Indexing the Trajectories of Moving Objects in Networks}},
  journal   = {GeoInformatica},
  volume    = {9},
  number    = {1},
  year      = {2005},
  pages     = {33--60},
  doi        = {10.1007/s10707-004-5621-7},
  bibsource = {DBLP, http://dblp.uni-trier.de}
}


@article{DBLP:journals/tits/Ding0GL15,
  author    = {Zhiming Ding and
               Bin Yang and
               Ralf Hartmut G{\"{u}}ting and
               Yaguang Li},
  title     = {Network-Matched Trajectory-Based Moving-Object Database: Models and
               Applications},
  journal   = {{IEEE} Trans. Intelligent Transportation Systems},
  volume    = {16},
  number    = {4},
  pages     = {1918--1928},
  year      = {2015},
  xurl       = {http://dx.doi.org/10.1109/TITS.2014.2383494},
  doi       = {10.1109/TITS.2014.2383494},
  timestamp = {Wed, 09 Mar 2016 15:29:25 +0100},
  biburl    = {http://dblp.uni-trier.de/rec/bib/journals/tits/Ding0GL15},
  bibsource = {dblp computer science bibliography, http://dblp.org}
}

@Article{El-Geneidy2011,
	author="El-Geneidy, Ahmed and Levinson, David",
	title="Place Rank: Valuing Spatial Interactions",
	journal="Networks and Spatial Economics",
	year="2011",
	volume="11",
	number="4",
	pages="643--659",
	abstract="Accessibility measures the potential of opportunities for interaction. This paper proposes and explores a new flow-based measure, ``place rank'' using origin-destination information. Both impedance and value of opportunities are embedded in the dataset that includes the origin and destination of each person within the studied region. Individuals contribute to the place rank at their destination (work) zone with a power that depends on the attractiveness of the zone of origin. In this paper we demonstrate this place rank measure for three activities (Jobs, Resident Workers, and Health Services) in the Minneapolis-St. Paul metropolitan region and Jobs in Montr{\'e}al, Canada. We compare place rank to traditional measures of accessibility. Since place rank is based on actual choices of origins and destinations it is a measure of realized rather than potential opportunities, and so unlike accessibility measures. Also it does not require the knowledge of travel time between all origins and destinations.",
	issn="1572-9427",
	doi="10.1007/s11067-011-9153-z",
	xurl="http://dx.doi.org/10.1007/s11067-011-9153-z"
}

@article{DBLP:journals/geoinformatica/ErwigGSV99,
  author    = {Martin Erwig and
               Ralf Hartmut G{\"u}ting and
               Markus Schneider and
               Michalis Vazirgiannis},
  title     = {{Spatio-Temporal Data Types: An Approach to Modeling and
               Querying Moving Objects in Databases}},
  journal   = {GeoInformatica},
  volume    = {3},
  number    = {3},
  year      = {1999},
  pages     = {269--296},
  doi        = {10.1023/A:1009805532638},
  bibsource = {DBLP, http://dblp.uni-trier.de}
}

@article{FBNCPR12,
	author    = {Antonio Fari{\~n}a and
			   Nieves R. Brisaboa and
			   Gonzalo Navarro and
			   Francisco Claude and
			   {\'A}ngeles S. Places and
			   Eduardo Rodr\'{\i}guez},
	xAUTHOR = "A. Fari{\~n}a and N. Brisaboa and G. Navarro and F. Claude
			   and A. Places and E. Rodr{\'{\i}}guez",
	title     = {{Word-based Self-Indexes for Natural Language Text}},
	journal   = {ACM Transactions on Information Systems (TOIS)},
	volume    = {30},
	number    = {1},
	year      = {2012},
	pages     = {article 1:},
	doi        = {10.1145/2094072.2094073},
	bibsource = {DBLP, http://dblp.uni-trier.de}
}


@Inbook{Farina2016,
	author="Fari{\~{n}}a, Antonio
	and Gagie, Travis
	and Manzini, Giovanni
	and Navarro, Gonzalo
	and Ord{\'o}{\~{n}}ez, Alberto",
	title="Efficient and Compact Representations of Some Non-canonical Prefix-Free Codes",
	bookTitle="Proc. 23rd International Symposium on String Processing and Information Retrieval (SPIRE)",
	SERIES = "LNCS 9954",
	year="2016",
	xpublisher="Springer International Publishing",
	xaddress="Beppu, Japan",
	pages="50--60",
	isbn="978-3-319-46049-9",
	xdoi="10.1007/978-3-319-46049-9_5",
	xurl="http://dx.doi.org/10.1007/978-3-319-46049-9_5"
}

@article{ferragina2009compressed,
  title={Compressed text indexes: From theory to practice},
  author={Ferragina, Paolo and Gonz{\'a}lez, Rodrigo and Navarro, Gonzalo and Venturini, Rossano},
  journal={Journal of Experimental Algorithmics},
  xjournal={Journal of Experimental Algorithmics (JEA)},
  volume={13},
  pages={1--12},
  year={2009},
  publisher={ACM}
}

@inproceedings{DBLP:conf/focs/FerraginaM00,
  author    = {Paolo Ferragina and
               Giovanni Manzini},
  title     = {Opportunistic Data Structures with Applications},
  Xbooktitle = {Proc. 41st Annual Symposium on Foundations of Computer Science (FOCS)},  
  booktitle = {Proc. 41st IEEE Symposium on Foundations of Computer Science (FOCS)},                 
  xaddress   ="Redondo Beach, California, {USA}",
  pages     = {390--398},
  year      = {2000}
}

@inproceedings{DBLP:conf/sigmod/ForlizziGNS00,
	 author = {Forlizzi, Luca and G\"{u}ting, Ralf Hartmut and Nardelli, Enrico and Schneider, Markus},
	 title = {A Data Model and Data Structures for Moving Objects Databases},
	 booktitle = {Proc. ACM SIGMOD International Conference on Management of Data (SIGMOD)},
	 xseries = {SIGMOD '00},
	 year = {2000},
	 isbn = {1-58113-217-4},
	 location = {Dallas, Texas, USA},
	 pages = {319--330},
	 numpages = {12},
	xurl = {http://doi.acm.org/10.1145/342009.335426},
	 doi = {10.1145/342009.335426},
	 acmid = {335426},
	 xpublisher = {ACM},
	 xaddress = {New York, NY, USA},
} 

@inproceedings{DBLP:conf/ssd/Frentzos03,
  author    = {Elias Frentzos},
  title     = {{Indexing Objects Moving on Fixed Networks}},
  booktitle = {Proc. 8th International Symposium on Spatial and Temporal Databases (SSTD)},
  year      = {2003},
  xpublisher = {Springer},
  xaddress   = {Santorini Island, Greece},
  pages     = {289--305}
}


@inproceedings{DBLP:conf/w2gis/FunkeSSS15,
  xauthor    = {S. Funke and
               R. Schirrmeister and
               S. Skilevic and
               S. Storandt},               
  author    = {Stefan Funke and Robin Schirrmeister and Simon Skilevic and Sabine Storandt},
  title     = {Compass-Based Navigation in Street Networks},
  booktitle = {Proc. 14th International
               Symposium on Web and Wireless Geographical Information Systems (W2GIS)},               
  pages     = {71--88},
  year      = {2015},
  series    = {LNCS 9080},
  xaddress = {Grenoble, France},
  xbooktitle = {Proc. 14th W2GIS},
  xbooktitle = {Web and Wireless Geographical Information Systems - 14th International
               Symposium, {W2GIS} 2015, Grenoble, France, May 21-22, 2015, Proceedings},
  xvolume    = {9080},
  Xpublisher = {Springer},
}

@article{gagie2012new,
  title={New algorithms on wavelet trees and applications to information retrieval},
  author={Gagie, Travis and Navarro, Gonzalo and Puglisi, Simon J},
  journal={Theoretical Computer Science},
  volume={426},
  pages={25--41},
  year={2012},
  publisher={Elsevier}
}

@article {GilbertandMore1959,
	xauthor = {Gilbert, E. N. and Moore, E. F.},
	author = {Gilbert, E. N. and Moore, E. F.},
	title = {Variable-Length Binary Encodings},
	journal = {Bell System Technical Journal},
	volume = {38},
	number = {4},
	publisher = {Blackwell Publishing Ltd},
	issn = {1538-7305},
	xurl = {http://dx.doi.org/10.1002/j.1538-7305.1959.tb01583.x},
	doi = {10.1002/j.1538-7305.1959.tb01583.x},
	pages = {933--967},
	year = {1959},
}


@Inproceedings{Golynski2007,
		author="Golynski, Alexander
		and Grossi, Roberto
		and Gupta, Ankur
		and Raman, Rajeev
		and Rao, Satti Srinivasa",
	xeditor="Arge, Lars
		and Hoffmann, Michael
		and Welzl, Emo",
	title="On the Size of Succinct Indices",
	bookTitle="Proc. 15th Annual European Symposium on Algorithms (ESA)",
	year="2007",
	series="LNCS 4698",
	xpublisher="Springer Berlin Heidelberg",
	Xaddress="Berlin, Heidelberg",
	pages="371--382",
	xaddress= "Eilat, Israel",
	isbn="978-3-540-75520-3",
	xdoi="10.1007/978-3-540-75520-3_34",
	xurl="http://dx.doi.org/10.1007/978-3-540-75520-3_34"
}


@inproceedings{WT03,
      xauthor = {Grossi, R. and Gupta, A. and Vitter, J.S.},
      author = {Grossi, Roberto and Gupta, Alexander and Vitter, Jeffrey Scott},
      title = {High-order Entropy-compressed Text },
      booktitle = {Proc. 14th Annual ACM-SIAM Symposium on Discrete Algorithms (SODA)},
      xbooktitle = {Proc. 14th SODA},
      xseries = {SODA '03},
      year = {2003},
      xisbn = {0-89871-538-5},
      Xlocation = {Baltimore, Maryland},
      pages = {841--850},
      xnumpages = {10},
      xurl = {http://dl.acm.org/citation.cfm?id=644108.644250},
      xacmid = {644250},
      xpublisher = {Society for Industrial and Applied Mathematics},
      xaddress = {Philadelphia, PA, USA},
}

@INPROCEEDINGS {GV00,
  xAUTHOR = "R. Grossi and J. Vitter",
  author = {Grossi, Roberto and Vitter, Jeffrey Scott}, 
  TITLE = "Compressed suffix arrays and suffix trees with applications to text indexing and string matching",
  BOOKTITLE = "Proc. 32nd ACM Symposium on Theory of Computing (STOC)",
  YEAR = 2000,
  PAGES = "397--406",
  }

@INPROCEEDINGS{DBLP:conf/chorochronos/GutingBEJLNSV03,
	author="G{\"u}ting, Ralf Hartmut
		and B{\"o}hlen, Michael H.
		and Erwig, Martin
		and Jensen, Christian S.
		and Lorentzos, Nikos
		and Nardelli, Enrico
		and Schneider, Markus
		and Viqueira, Jose R. R.",
	xeditor="Sellis, Timos K.
		and Koubarakis, Manolis
		and Frank, Andrew
		and Grumbach, St{\'e}phane
		and G{\"u}ting, Ralf Hartmut
		and Jensen, Christian
		and Lorentzos, Nikos A.
		and Manolopoulos, Yannis
		and Nardelli, Enrico
		and Pernici, Barbara
		and Theodoulidis, Babis
		and Tryfona, Nectaria
		and Schek, Hans-J{\"o}rg
		and Scholl, Michel O.",
	title="Chapter 4: Spatio-temporal Models and Languages: An Approach Based on Data Types",
	booktitle="Spatio-Temporal Databases: The CHOROCHRONOS Approach",
	year="2003",
	xpublisher="Springer Berlin Heidelberg",
	xaddress="Berlin, Heidelberg",
	pages="117--176",
	series    = "LNCS 2520",
	xisbn="978-3-540-45081-8",
	xdoi="10.1007/978-3-540-45081-8_4",
	xurl="http://dx.doi.org/10.1007/978-3-540-45081-8_4"
}


@article{DBLP:journals/tods/GutingBEJLSV00,
	Author = {G{\"u}ting, Ralf Hartmut and 
	          B{\"o}hlen, Michael H. and 
	          Erwig, Martin and 
	          Jensen, Christian S.  and 
	          Lorentzos, Nikos A. and 
	          Schneider, Markus and 
	          Vazirgiannis, Michalis},
	Journal = {ACM Transactions on Database Systems},
	xJournal = {ACM TODS},
	Year = {2000},
	Title = {A foundation for Representing and Querying Moving Objects},
	Number = {1},
	Volume = {25},
	Pages = {1--42},
	xurl       = {http://doi.acm.org/10.1145/352958.352963},
	doi       = {10.1145/352958.352963},
	
}


@article{DBLP:journals/vldb/GutingAD06,
  author    = {G{\"{u}}ting, Ralf Hartmut  and
               Teixeira de Almeida, Victor  and
               Ding, Zhiming },
  title     = {Modeling and querying moving objects in networks},
  journal   = {The {VLDB} Journal},
  xjournal2 = {The International Journal on Very Large Data Bases},
  xjournal   = {{VLDB} J.},
  volume    = {15},
  number    = {2},
  pages     = {165--190},
  year      = {2006},
  xurl       = {http://dx.doi.org/10.1007/s00778-005-0152-x},
  doi       = {10.1007/s00778-005-0152-x},
  timestamp = {Tue, 18 Jul 2006 08:09:17 +0200},
  biburl    = {http://dblp.uni-trier.de/rec/bib/journals/vldb/GutingAD06},
  bibsource = {dblp computer science bibliography, http://dblp.org}
}

@book{DBLP:books/mk/GutingS2005,
  author    = {G{\"{u}}ting, Ralf Hartmut and
               Schneider, Markus},
  title     = {Moving Objects Databases},
  publisher = {Morgan Kaufmann},
  year      = {2005},
  isbn      = {0-12-088799-1},
  timestamp = {Thu, 11 Apr 2013 15:21:20 +0200},
  biburl    = {http://dblp.uni-trier.de/rec/bib/books/mk/GutingS2005},
  bibsource = {dblp computer science bibliography, http://dblp.org}
}

@inproceedings{DBLP:conf/sigmod/Guttman84,
  author    = {Guttman, Antonin},
  title     = {R-Trees: A Dynamic Index Structure for Spatial Searching},
  xbooktitle = {Proc. SIGMOD},
  booktitle = {Proc. ACM SIGMOD International Conference on Management of Data (SIGMOD)},
	 xseries = {SIGMOD '84},	 
  isbn = {0-89791-128-8},
  location = {Boston, Massachusetts},
  xpublisher = {ACM},	 
  year      = {1984},
  pages     = {47--57}
  }

@article{HORIBE1977148,
	title = "An improved bound for weight-balanced tree",
	author = "Yasuichi Horibe",
	journal = "Information and Control",
	volume = "34",
	number = "2",
	pages = "148--151",
	year = "1977",
	note = "",
	issn = "0019-9958",
	doi = "10.1016/S0019-9958(77)80011-9",
	xurl = "http://www.sciencedirect.com/science/article/pii/S0019995877800119",
}


@article{hu1971optimal,
  title={Optimal computer search trees and variable-length alphabetical codes},
  author={Hu, Te C. and Tucker, Alan C.},
  xauthor={Hu, Te C and Tucker, Alan C},
  journal={SIAM Journal on Applied Mathematics},
  volume={21},
  number={4},
  pages={514--532},
  year={1971},
  doi = {10.1137/0121057},
  xurl = {http://dx.doi.org/10.1137/0121057},
  xpublisher={SIAM}
}


@article{huffman1952method,
  title={A method for the construction of minimum-redundancy codes},
  author={Huffman, David A.},
  journal={Proceedings of the IRE},
  volume={40},
  number={9},
  pages={1098--1101},
  year={1952},
  doi={10.1109/JRPROC.1952.273898},
  xurl={http://ieeexplore.ieee.org/document/4051119/},
  publisher={Cambridge}
}

@INPROCEEDINGS {Jac89,
	xAUTHOR = "G. Jacobson",
	AUTHOR = "Jacobson, Guy",
	TITLE = "Space-efficient static trees and graphs",
	BOOKTITLE = "Proc. 30th IEEE Symposium on Foundations of Computer Science (FOCS)",
	YEAR = 1989,
	PAGES = "549--554"
}

@article{DBLP:journals/jss/KellarisPT13,
  author    = {Kellaris, Georgios and
               Pelekis, Nikos and
               Theodoridis, Yannis},
  title     = {{Map-matched Trajectory Compression}},
  journal   = {Journal of Systems and Software},
  volume    = {86},
  number    = {6},
  year      = {2013},
  pages     = {1566-1579},
  xurl       = {http://dx.doi.org/10.1016/j.jss.2013.01.071},
  doi       = {10.1016/j.jss.2013.01.071},
  bibsource = {DBLP, http://dblp.uni-trier.de}
}

@inproceedings{DBLP:conf/gis/KoideTY15,
	author = {Koide, Satoshi and Tadokoro, Yukihiro and Yoshimura, Takayoshi},
	title = {{SNT-index}: Spatio-temporal Index for Vehicular Trajectories on a 
	         Road Network Based on Substring Matching},
	booktitle = {Proc. 1st International ACM SIGSPATIAL Workshop 
	             on Smart Cities and Urban Analytics ({UrbanGIS@SIGSPATIAL})},
	Xseries = {UrbanGIS'15},
	year = {2015},
	xisbn = {978-1-4503-3973-5},
	location = {Bellevue, WA, USA},
	pages = {1--8},
	numpages = {8},
	xurl = {http://doi.acm.org/10.1145/2835022.2835023},
	doi = {10.1145/2835022.2835023},
	acmid = {2835023},
	xpublisher = {ACM},
	xaddress = {New York, NY, USA},
	keywords = {Network-constrained trajectories, spatio-temporal indexing},
} 

@inproceedings{DBLP:conf/gis/KroghPTT14,
  author    = {Krogh, Benjamin and Pelekis, Nikos and Theodoridis, Yannis and Torp, Kristian},
  title     = {Path-based queries on trajectory data},
  booktitle = {Proc. 22nd {ACM} {SIGSPATIAL} International Conference
               on Advances in Geographic Information Systems ({SIGSPATIAL)}},
  pages     = {341--350},
  year      = {2014},
  xaddress  = {Dallas/Fort Worth}
}

@article{Larsson:2007:FSS:1314704.1314853,
	author = {Larsson, N. Jesper and Sadakane, Kunihiko},
	title = {Faster Suffix Sorting},
	journal = {Theoretical Computer Science},
	xjournal = {Theor. Comput. Sci.},
	issue_date = {November, 2007},
	volume = {387},
	number = {3},
	month = nov,
	year = {2007},
	issn = {0304-3975},
	pages = {258--272},
	numpages = {15},
	xurl = {http://dx.doi.org/10.1016/j.tcs.2007.07.017},
	doi = {10.1016/j.tcs.2007.07.017},
	acmid = {1314853},
	publisher = {Elsevier Science Publishers Ltd.},
	address = {Essex, UK},
	keywords = {Burrows--Wheeler Transform, Suffix arrays},
} 

@inproceedings{DBLP:conf/cikm/LiCDYZZ0Z15,
  author    = {Yanhua Li and
               Chi{-}Yin Chow and
               Ke Deng and
               Mingxuan Yuan and
               Jia Zeng and
               Jia{-}Dong Zhang and
               Qiang Yang and
               Zhi{-}Li Zhang},
  title     = {Sampling Big Trajectory Data},
  booktitle = {Proc. 24th {ACM} International Conference on Information
               and Knowledge Management (CIKM)},
  xbooktitle = {Proceedings of the 24th {ACM} International Conference on Information
               and Knowledge Management, {CIKM} 2015, Melbourne, VIC, Australia,
               October 19 - 23, 2015},
  pages     = {941--950},
  year      = {2015},
  xplace    = { Melbourne, VIC, Australia},               
}


@ARTICLE {MM93,
  AUTHOR = "Manber, Udi and Myers, Gene",
  TITLE = "Suffix arrays: a new method for on-line string searches",
  JOURNAL = "SIAM Journal on Computing",
  VOLUME = 22,
  NUMBER = 5,
  PAGES = "935--948",
  YEAR = 1993,
  doi  = "10.1137/0222058",
  }

@inproceedings{DBLP:conf/edbt/MeratniaB04,
  author    = {Meratnia, Nirvana and
               de By, Rolf A.},
  title     = {Spatiotemporal Compression Techniques for Moving Point Objects},
  booktitle = {Proc. 9th International
               Conference on Extending Database Technology (EDBT)},
  xbooktitle = {Proc. 9th EDBT 2004},
  xpublisher = {Springer},
  series    =  {LNCS 2992},
  xvolume    = {2992},
  year      = {2004},
  pages     = {765--782},
  xurl      = {http://dx.doi.org/10.1007/978-3-540-24741-8_44},
  xxxdoi="10.1007/978-3-540-24741-8_44",
}

@article{moreira2013predicting,
	title={Predicting taxi--passenger demand using streaming data},
	author={Moreira-Matias, Luis and Gama, Joao and Ferreira, Michel and 
	        Mendes-Moreira, Joao and Damas, Luis},
	journal={IEEE Transactions on Intelligent Transportation Systems},
	volume={14},
	number={3},
	pages={1393--1402},
	year={2013},
	xpublisher={IEEE}
}


@article{Morency2007193,
	author = "Catherine Morency and Martin Trépanier and Bruno Agard",
	title = "Measuring transit use variability with smart-card data ",
	journal = "Transport Policy",
	volume = "14",
	number = "3",
	pages = "193--203",
	year = "2007",
	note = "",
	issn = "0967-070X",
	doi = "10.1016/j.tranpol.2007.01.001",
	xurl = "http://www.sciencedirect.com/science/article/pii/S0967070X07000030",
	keywords = "Smart cards",
	keywords = "Transit system",
	keywords = "Travel behaviour",
	keywords = "Data mining",
	keywords = "Variability ",
	abstract = "The potential of smart-card data for measuring the variability of urban public transit network use is the focus of this paper. Data collected during 277 consecutive days of travel on a Canadian transit network are processed for this purpose. The organization of data using an object-oriented approach is discussed. Then, measures of spatial and temporal variability of transit use for various types of card are defined and estimated using the data sets presented. Data mining techniques are also used to identify transit use cycles and homogenous days and weeks of travel among card segments and at various times of the year. "
}

@article{Munizaga20129,
	title = "{Estimation of a disaggregate multimodal public transport Origin–Destination 
	         matrix from passive smartcard data from Santiago, Chile}",
	author = "Munizaga, Marcela A. and Palma, Carolina",
	journal = "Transportation Research Part C: Emerging Technologies ",
	volume = "24",
	number = "",
	pages = "9--18",
	year = "2012",
	note = "",
	issn = "0968-090X",
	doi = "10.1016/j.trc.2012.01.007",
	xurl = "http://www.sciencedirect.com/science/article/pii/S0968090X12000095",
	keywords = "\{OD\} matrix",
	keywords = "Smartcard data",
	keywords = "Automatic vehicle location "
}


@INPROCEEDINGS {Mun96,
	AUTHOR = "Munro, Ian",
	TITLE = "Tables",
	BOOKTITLE = "Proc. 16th Conference on Foundations of Software Technology 
			   and Theoretical Computer Science (FSTTCS)",
	YEAR = 1996,
	SERIES = "LNCS 1180",
	PAGES = "37--42"
  }


@inproceedings{nascimento1998towards,
	title={Towards historical {R-trees}},
	author={Nascimento, Mario A. and Silva, Jefferson R.O.},
	booktitle={Proc. ACM symposium on Applied Computing (SAC)},
	xbooktitle={Proc. 1998 ACM symposium on Applied Computing (SAC)},
	pages={235--240},
	year={1998},
	organization={ACM}
}

@ARTICLE {Navjda13,
	TITLE = "Wavelet Trees for {All}",
	AUTHOR = "Navarro, Gonzalo",
	JOURNAL = "Journal of Discrete Algorithms",
	YEAR = 2014,
	PUBLISHER = "Elsevier Science",
	VOLUME = 25,
	PAGES = "2--20",
	xurl = {http://dx.doi.org/10.1016/j.jda.2013.07.004},
	doi = {10.1016/j.jda.2013.07.004},
	xpublisher = {Elsevier Science Publishers B. V.},
	xaddress = {Amsterdam, The Netherlands, The Netherlands},
  }


@article{NM07,
	author    = {Navarro, Gonzalo and
			   M{\"a}kinen, Veli },
	title     = {{Compressed Full-text Indexes}},
	journal   = {ACM Computing Surveys},
	xjournal   = {ACM Comput. Surv.},
	volume    = {39},
	number    = {1},
	year      = {2007},
	PAGES     = "article 2",
	xurl        = {http://doi.acm.org/10.1145/1216370.1216372},
	doi       = {10.1145/1216370.1216372},
	bibsource = {DBLP, http://dblp.uni-trier.de}
}

@BOOK {Nav16,
    AUTHOR = "Navarro, Gonzalo",
    TITLE = "Compact Data Structures -- A practical approach",
    PUBLISHER = "Cambridge University Press",
    YEAR = 2016,
    XNOTE = "ISBN 978-1-107-15238-0. 570 pages.",
    XNOTE = "570 pages"
}


@article{nong2011two,
	title={Two efficient algorithms for linear time suffix array construction},
	author={Nong, Ge and Zhang, Sen and Chan, Wai Hong},
	journal={IEEE Transactions on Computers},
	volume={60},
	number={10},
	pages={1471--1484},
	year={2011},
	Xpublisher={IEEE}
}

@inproceedings{okanohara2007practical,
  title={Practical entropy-compressed rank/select dictionary},
  author={Okanohara, Daisuke and Sadakane, Kunihiko},
  booktitle = {Proc. 9th Workshop on Algorithm Engineering and Experiments (ALENEX)},
  Xbooktitle={Proc. Meeting on Algorithm Engineering \& Expermiments },
  xbooktitle={Proceedings of the Meeting on Algorithm Engineering \& Expermiments},
  pages={60--70},
  year={2007},
  xurl = {http://dx.doi.org/10.1137/1.9781611972870.6},
  doi = {10.1137/1.9781611972870.6},
  xorganization={Society for Industrial and Applied Mathematics},
  Xorganization={SIAM}
}

@phdthesis{ordonez2015statistical,
	author = {Ord{\'o}{\~n}ez, Alberto},
	title={Statistical and repetition-based compressed data structures},
	school = {Department of Computer Science, University of {A Coru{\~n}a}},
	year = {2016},
}


@book{DBLP:books/sp/PelekisT14,
  author    = {Pelekis, Nikos and
               Theodoridis, Yannis},
  title     = {{Mobility Data Management and Exploration}},
  publisher = {Springer},
  year      = {2014},
  xisbn      = {978-1-4939-0391-7, 978-1-4939-0392-4},
  pages     = {1--298},
  xurl        = {http://dx.doi.org/10.1007/978-1-4939-0392-4},
  doi       ={10.1007/978-1-4939-0392-4},
  bibsource = {DBLP, http://dblp.uni-trier.de}
}



@inproceedings{DBLP:conf/vldb/PfoserJT00,
	author    = {Pfoser, Dieter and
			     Jensen, Christian S. and
			     Theodoridis, Yannis},
	title     = {{Novel Approaches in Query Processing for Moving Object Trajectories}},
	booktitle = {Proc. 26th International Conference on Very Large Data Bases (VLDB)},
	year      = {2000},
	pages     = {395--406}, 
	xisbn = {1-55860-715-3},
	xnumpages = {12},
	xurl = {http://dl.acm.org/citation.cfm?id=645926.672019},
	acmid = {672019},
	xpublisher = {Morgan Kaufmann Publishers Inc.},
	xaddress = {San Francisco, CA, USA},  
}



@inproceedings{DBLP:conf/ssdbm/PotamiasPS06,
	author    = {Potamias, Michalis and Patroumpas, Kostas and Sellis, Timos},
	title     = {{Sampling Trajectory Streams with Spatiotemporal Criteria}},
	xbooktitle = {Proc 18th SSDBM},
	booktitle = {Proc. 18th International Conference on Scientific and Statistical Database Management (SSDBM)},
	year      = {2006},
	pages     = {275--284}, 
	xisbn = {0-7695-2590-3},
	xnumpages = {10},
   	xurl = {http://dx.doi.org/10.1109/SSDBM.2006.45},
	doi = {10.1109/SSDBM.2006.45},
	acmid = {1155009},
	xpublisher = {IEEE Computer Society},
	xaddress = {Washington, DC, USA},  
}


@INPROCEEDINGS{Raman:2002:SID:545381.545411,
	author = {Raman, Rajeev and Raman, Venkatesh and Rao, S. Srinivasa},
	title = {Succinct indexable dictionaries with applications to encoding k-ary trees and multisets},
	xbooktitle = {Proc. SODA'12},
	booktitle = {Proc. 13th Annual ACM-SIAM Symposium on Discrete Algorithms (SODA)},
	year = {2002},
	pages = {233--242},
	Xisbn = {0-89871-513-X},
	Xlocation = {San Francisco, California},
	Xnumpages = {10},
	xurl = {http://dl.acm.org/citation.cfm?id=545381.545411},
	acmid = {545411},
	Xpublisher = {Society for Industrial and Applied Mathematics},
	Xaddress = {Philadelphia, PA, USA},
}


@article{DBLP:journals/josis/RichterSL12,
  author    = {Richter, Kai-Florian and
               Schmid, Falko and
               Laube, Patrick},                         
  title     = {{Semantic Trajectory Compression: Representing Urban Movement in a Nutshell}},
  journal   = {Journal of Spatial Information Science},
  volume    = {4},
  number    = {1},
  year      = {2012},
  pages     = {3-30},
  xurl        = {http://dx.doi.org/10.5311/JOSIS.2012.4.62},
  doi       = {10.5311/JOSIS.2012.4.62},
  bibsource = {DBLP, http://dblp.uni-trier.de}
}


@ARTICLE {Sad03,
  AUTHOR = "Sadakane, Kunihiko",
  TITLE = "New Text Indexing Functionalities of the Compressed Suffix Arrays",
  JOURNAL  = "Journal of Algorithms",
  VOLUME = 48,
  NUMBER = 2,
  PAGES = "294--313",
  YEAR = 2003
  }
  
@article{DBLP:journals/vldb/PopaZOBV11,
	author = {Sandu Popa, Iulian and Zeitouni, Karine and Oria, Vincent and Barth, Dominique and Vial, Sandrine},
	title     = {{Indexing In-network Trajectory Flows}},
	xjournal   = {VLDB J.},
	journal = {The VLDB Journal},
	volume    = {20},
	number    = {5},
	year      = {2011},
	pages     = {643--669},
	xissue_date = {October   2011},
	xnumpages = {27},
	xurl = {http://dx.doi.org/10.1007/s00778-011-0236-8},
	doi = {10.1007/s00778-011-0236-8},
	acmid = {2039171},
	xpublisher = {Springer-Verlag New York, Inc.},
	xaddress = {Secaucus, NJ, USA},
}


@inproceedings{DBLP:conf/icde/SistlaWCD97,
	author    = {Sistla, A. Prasad and Wolfson, Ouri and Chamberlain, Sam and Dao, Son},
	title     = {Modeling and Querying Moving Objects},
	booktitle = {Proc. 13th International Conference on Data Engineering (ICDE)},
	xbooktitle = {Proceedings of the Thirteenth International Conference on Data Engineering,
			   April 7-11, 1997 Birmingham {U.K.}},
	pages     = {422--432},
	year      = {1997},
	Xnumpages = {11},
	xurl = {http://dl.acm.org/citation.cfm?id=645482.653301},
	acmid = {653301},
	Xpublisher = {IEEE Computer Society},
	Xaddress = {Washington, DC, USA},
}

@article{DBLP:journals/geoinformatica/Spaccapietra01,
	author    = {Spaccapietra, Stefano},
	title     = {{Editorial: Spatio-Temporal Data Models and Languages}},
	journal   = {GeoInformatica},
	volume    = {5},
	number    = {1},
	year      = {2001},
	pages     = {5--9},
	issn="1573-7624",
	doi="10.1023/A:1011403703806",
	xurl="http://dx.doi.org/10.1023/A:1011403703806"

}

@inproceedings{DBLP:conf/vldb/PapadiasT01,
	author    = {Tao, Yufei and Papadias, Dimitris},
	title     = {{MV3R-Tree: A Spatio-Temporal Access Method for Timestamp and Interval Queries}},
	booktitle = {Proc. 27th International Conference on Very Large Data Bases (VLDB)},
	year      = {2001},
	pages     = {431--440},
	xnumpages = {10},
	xurl = {http://dl.acm.org/citation.cfm?id=645927.672363},
	acmid = {672363},
	xisbn = {1-55860-804-4},
	xpublisher = {Morgan Kaufmann Publishers Inc.},
	xaddress = {San Francisco, CA, USA},
}



@article{that2015trifl,
  title={{TRIFL: A generic trajectory index for flash storage}},
  author={That, Dai Hai Ton and Popa, Iulian Sandu and Zeitouni, Karine},
  journal={ACM Transactions on Spatial Algorithms and Systems},
  volume={1},
  number={2},
 year = {2015},
 xissn = {2374-0353},
 pages = {6:1--6:44},
 xarticleno = {6},
 xnumpages = {44},
 xurl = {http://doi.acm.org/10.1145/2786758},
 doi = {10.1145/2786758},
 acmid = {2786758},
 xaddress = {New York, NY, USA},
}


@article{Wang2015335,
	author = "Guihua Wang and Yuanguang Zhong and Chung-Piaw Teo and Qizhang Liu",
	title = "Flow-based accessibility measurement: The Place Rank approach",
	journal = "Transportation Research Part C: Emerging Technologies ",
	volume = "56",
	number = "",
	pages = "335--345",
	year = "2015",
	note = "",
	issn = "0968-090X",
	doi = "10.1016/j.trc.2015.04.017",
	xurl = "http://www.sciencedirect.com/science/article/pii/S0968090X15001588",
	keywords = "Accessibility",
	keywords = "Place Rank",
	keywords = "Public transport",
	keywords = "Smartcard data ",
	abstract = "Abstract In this paper, we empirically test the viability of a flow-based approach as an alternative to transport accessibility measurement. To track where commuters travel from and to (but not commute times), we use transactional smartcard data from residents in Singapore to construct the (daily) spatial network of trips generated. We use the Place Rank method to demonstrate the viability of the flow-based approach to study accessibility. We compute the Place Rank of each of 44 planning areas in Singapore. Interestingly, even though the spatial network is constructed using only origin–destination information, we find that the travel time of the trips out of each planning area generally decreases as the area’s Place Rank increases. The same is also the case for in-vehicle time, number of transfers in the network and transfer time. This shows that a flow-based approach can be used to measure the notion of accessibility, which is traditionally assessed using travel time information in the system. We also compare Place Rank with other indicators, namely, bus stop density, eigenvector centrality, clustering coefficient and typographical coefficient to evaluate an area’s accessibility. The results show that these indicators are not as effective as the Place Rank method. "
}


@inproceedings{DBLP:conf/ssdbm/WolfsonXCJ98,
  author    = {Ouri Wolfson and
               Bo Xu and
               Sam Chamberlain and
               Liqin Jiang},
  title     = {Moving Objects Databases: Issues and Solutions},
  booktitle = {Proc. 10th International Conference on Scientific and Statistical Database
               Management (SSDBM)},
  xbooktitle = {10th International Conference on Scientific and Statistical Database
               Management, Proceedings, Capri, Italy, July 1-3, 1998},
  pages     = {111--122},
  xaddress  = {Capri, Italy},
  year      = {1998}
}
